% introduction

@online{wepc_video_game_statistics,
  author = {WePC},
  month = {01},
  title = {2020 Video Game Industry Statistics, Trends \& Data},
  url = {https://www.wepc.com/news/video-game-statistics},
  urldate = {2020-03-21},
  year = {2020}
}

% competitive apps

@software{seabaa_dual,
  author = {Seabaa},
  month = {07},
  title = {DUAL!},
  url = {https://play.google.com/store/apps/details?id=com.Seabaa.Dual},
  urldate = {2020-03-28},
  version = {1.4.02},
  year = {2019}
}

@software{byril_sea_battle_2,
  author = {BYRIL},
  month = {03},
  title = {Sea Battle 2},
  url = {https://play.google.com/store/apps/details?id=com.byril.seabattle2},
  urldate = {2020-03-28},
  version = {2.2.4},
  year = {2020},
}

@software{steelcrategamesinc_keep_talking,
  author = {Steel Crate Games, Inc.},
  month = {07},
  title = {Keep Talking and Nobody Explodes},
  url = {https://play.google.com/store/apps/details?id=com.steelcrategames.keeptalkingandnobodyexplodes},
  urldate = {2020-03-28},
  version = {1.9.3},
  year = {2019},
}

@software{henrysmithinc_spaceteam,
  author = {Henry Smith, Inc.},
  month = {11},
  title = {Spaceteam},
  url = {https://play.google.com/store/apps/details?id=com.sleepingbeastgames.spaceteam},
  urldate = {2020-03-28},
  version = {2.8},
  year = {2019}
}

% technology research -- framework

@misc{dashmagazine_2019_mobile,
  author = {DashMagazine},
  month = {05},
  publisher = {codeburst},
  title = {Mobile App Development Frameworks in 2019},
  url = {https://codeburst.io/mobile-app-development-frameworks-in-2019-f8fb2ece20a8},
  urldate = {2019-11-26},
  year = {2019}
}

@misc{leler_2017_whats,
  author = {},
  month = {08},
  title = {What’s Revolutionary about Flutter},
  url = {https://hackernoon.com/whats-revolutionary-about-flutter-946915b09514},
  urldate = {2019-11-26},
  year = {2017}
}

% technology research -- state management

@incollection{flutter_state_mgmt_simple,
  author = {Google, Inc.},
  booktitle = {Flutter Documentation},
  month = {03},
  title = {Simple app state management},
  url = {https://flutter.dev/docs/development/data-and-backend/state-mgmt/simple},
  urldate = {2020-03-30},
  year = {2020}
}

@incollection{flutter_state_mgmt_ephemeral_vs_app,
  author = {Google, Inc.},
  booktitle = {Flutter Documentation},
  month = {03},
  title = {Differentiate between ephemeral state and app state},
  url = {https://flutter.dev/docs/development/data-and-backend/state-mgmt/ephemeral-vs-app},
  urldate = {2020-03-30},
  year = {2020}
}

@incollection{flutter_state_mgmt_declarative,
  author = {Google, Inc.},
  booktitle = {Flutter Documentation},
  month = {03},
  title = {Start thinking declaratively},
  url = {https://flutter.dev/docs/development/data-and-backend/state-mgmt/declarative},
  urldate = {2020-03-30},
  year = {2020}
}

@online{mobx_core_concepts,
  author = {MobX.dart},
  month = {01},
  title = {Core Concepts},
  url = {https://mobx.netlify.com/concepts},
  urldate = {2020-03-30},
  year = {2020}
}

@online{redux_basics,
  author = {John Ryan},
  month = {07},
  title = {Redux.dart Basics},
  url = {https://github.com/johnpryan/redux.dart/blob/master/doc/basics.md},
  urldate = {2020-03-30},
  year = {2018}
}

@incollection{flutterando_analyzing_bloc_mobx,
  author = {Kelven Galvão},
  booktitle = {Flutterando},
  month = {02},
  title = {Analyzing BLoC and MobX},
  url = {https://medium.com/flutterando/analyzing-bloc-and-mobx-7118053e913a},
  urldate = {2020-03-30},
  year = {2020}
}

@incollection{googledevelopers_bloc,
  author = {Paolo Soares},
  booktitle = {Google Developers},
  month = {01},
  title = {Flutter / AngularDart – Code sharing, better together (DartConf 2018)},
  url = {https://www.youtube.com/watch?v=PLHln7wHgPE},
  urldate = {2020-03-30},
  year = {2020}
}

@incollection{bloclibrary_whybloc,
  author = {Felix Angelov},
  booktitle = {Bloc Documentation},
  month = {04},
  title = {Why Bloc?},
  url = {https://bloclibrary.dev/#/whybloc},
  urldate = {2020-03-30},
  year = {2019}
}

@incollection{bloclibrary_coreconcepts,
  author = {Felix Angelov},
  booktitle = {Bloc Documentation},
  month = {02},
  title = {Core Concepts},
  url = {https://bloclibrary.dev/#/coreconcepts},
  urldate = {2020-03-30},
  year = {2020}
}

% technology research -- databases

% technology research -- sensors

% technology research -- architecture

@book{martin_2018_clean,
  author = {Martin, Robert C.},
  publisher = {Prentice Hall},
  title = {Clean Architecture : a craftsman's guide to software structure and design},
  year = {2018}
}

% technology research -- testing
